<record><leader>00000cas a22000007a 4500</leader><controlfield tag="001">16784573</controlfield><controlfield tag="008">870930d188418uuiaudr ne      0    0eng d</controlfield><datafield ind1=" " ind2=" " tag="010"><subfield code="a">sn 87057887 </subfield></datafield><datafield ind1=" " ind2=" " tag="040"><subfield code="a">INP</subfield><subfield code="b">eng</subfield><subfield code="c">INP</subfield><subfield code="d">OCLCQ</subfield></datafield><datafield ind1=" " ind2=" " tag="042"><subfield code="a">msc</subfield></datafield><datafield ind1="0" ind2="0" tag="245"><subfield code="a">Sioux City daily tribune.</subfield></datafield><datafield ind1="1" ind2="3" tag="246"><subfield code="a">Sioux City tribune</subfield></datafield><datafield ind1="1" ind2="7" tag="246"><subfield code="a">Daily tribune: Sioux City</subfield></datafield><datafield ind1=" " ind2=" " tag="260"><subfield code="a">Sioux City :</subfield><subfield code="b">J.C. Kelly</subfield></datafield><datafield ind1=" " ind2=" " tag="300"><subfield code="a">v.</subfield></datafield><datafield ind1=" " ind2=" " tag="310"><subfield code="a">Daily</subfield></datafield><datafield ind1="1" ind2=" " tag="362"><subfield code="a">Began Sept. 15, 1884.</subfield></datafield><datafield ind1=" " ind2=" " tag="588"><subfield code="a">Description based on: Dec. 19, 1889.</subfield></datafield><datafield ind1=" " ind2=" " tag="752"><subfield code="a">United States</subfield><subfield code="b">Iowa</subfield><subfield code="c">Woodbury</subfield><subfield code="d">Sioux City.</subfield></datafield><datafield ind1="0" ind2=" " tag="775"><subfield code="t">Sioux City tribune (Sioux City, Iowa : 1876)</subfield><subfield code="w">(DLC)sn 87058646</subfield><subfield code="w">(OCoLC)16784440</subfield></datafield><datafield ind1="0" ind2="0" tag="785"><subfield code="t">Sioux City tribune (Sioux City, Iowa : 1891)</subfield><subfield code="w">(DLC)sn 84027314</subfield></datafield></record>